<?xml version="1.0" encoding="UTF-8"?><collection xmlns="http://www.loc.gov/MARC21/slim"><record><leader>00495nam--2200169-i-4500</leader><controlfield tag="001">000015064</controlfield><controlfield tag="002">20161230</controlfield><controlfield tag="005">20161230201031</controlfield><controlfield tag="008">060222s1000------------r-----000-0-eng-d</controlfield><datafield ind1=" " ind2=" " tag="040"><subfield code="a">IFIN-HH</subfield></datafield><datafield ind1=" " ind2=" " tag="080"><subfield code="a">5(038)=20:6(038)=20</subfield></datafield><datafield ind1="1" ind2=" " tag="100"><subfield code="a">Balan, Stefan</subfield></datafield><datafield ind1="1" ind2="0" tag="245"><subfield code="a">Dictionar cronologic al stiintei si tehnicii universale</subfield><subfield code="c">Stefan balan (coordonator)</subfield></datafield><datafield ind1=" " ind2=" " tag="260"><subfield code="a">Bucuresti</subfield><subfield code="b">Editura Stiintifica Si Enciclopedica</subfield><subfield code="c">1979</subfield></datafield><datafield ind1=" " ind2=" " tag="300"><subfield code="a">813P</subfield></datafield><datafield ind1=" " ind2=" " tag="852"><subfield code="a">D.531</subfield><subfield code="c">SLG</subfield></datafield><datafield ind1=" " ind2=" " tag="CAT"><subfield code="a">Sys</subfield><subfield code="c">20130211</subfield><subfield code="h">174807</subfield></datafield></record></collection>